@article{ajzen1991theory,
  title={The theory of planned behavior},
  author={Ajzen, Icek},
  journal={Organizational behavior and human decision processes},
  volume={50},
  number={2},
  pages={179--211},
  year={1991},
  publisher={Elsevier}
}
@article{linan2015systematic,
  title={A systematic literature review on entrepreneurial intentions: citation, thematic analyses, and research agenda},
  author={Li{\~n}{\'a}n, Francisco and Fayolle, Alain},
  journal={International Entrepreneurship and Management Journal},
  volume={11},
  number={4},
  pages={907--933},
  year={2015},
  publisher={Springer}
}
@article{drucker1985innovation,
  title={Innovation and Entrepreneurship, NewYork, Harper \& Row Published},
  author={Drucker, P},
  year={1985}
}
@article{shapero1982social,
  title={The social dimensions of entrepreneurship},
  author={Shapero, Albert and Sokol, Lisa},
  year={1982}
}
@book{shapero1984entrepreneurial,
  title={The Entrepreneurial Event},
  author={Shapero, A.},
  series={Reprint series},
  url={https://books.google.de/books?id=FxC\_nQEACAAJ},
  year={1984},
  publisher={College of Administrative Science, Ohio State University}
}

@incollection{ajzen1985intentions,
  title={From intentions to actions: A theory of planned behavior},
  author={Ajzen, Icek},
  booktitle={Action control},
  pages={11--39},
  year={1985},
  publisher={Springer}
}

@article{shane2000promise,
  title={The promise of entrepreneurship as a field of research},
  author={Shane, Scott and Venkataraman, Sankaran},
  journal={Academy of management review},
  volume={25},
  number={1},
  pages={217--226},
  year={2000},
  publisher={Academy of Management}
}

@article{baron1986moderator,
  title={The moderator--mediator variable distinction in social psychological research: Conceptual, strategic, and statistical considerations.},
  author={Baron, Reuben M and Kenny, David A},
  journal={Journal of personality and social psychology},
  volume={51},
  number={6},
  pages={1173},
  year={1986},
  publisher={American Psychological Association}
}

@article{fayolle2015impact,
  title={The impact of entrepreneurship education on entrepreneurial attitudes and intention: Hysteresis and persistence},
  author={Fayolle, Alain and Gailly, Benoit},
  journal={Journal of Small Business Management},
  volume={53},
  number={1},
  pages={75--93},
  year={2015},
  publisher={Wiley Online Library}
}
@article{krueger1993entrepreneurial,
  title={Entrepreneurial intentions: applying the theory of planned behaviour},
  author={Krueger, Norris F and Carsrud, Alan L},
  journal={Entrepreneurship \& Regional Development},
  volume={5},
  number={4},
  pages={315--330},
  year={1993},
  publisher={Taylor \& Francis}
}
@article{laspita2012intergenerational,
  title={Intergenerational transmission of entrepreneurial intentions},
  author={Laspita, Stavroula and Breugst, Nicola and Heblich, Stephan and Patzelt, Holger},
  journal={Journal of Business Venturing},
  volume={27},
  number={4},
  pages={414--435},
  year={2012},
  publisher={Elsevier}
}
@article{lorz2011impact,
  title={The impact of entrepreneurship education on entrepreneurial intention},
  author={Lorz, Michael and Volery, T},
  journal={University of St. Gallen},
  year={2011}
}
@article{linan2009development,
  title={Development and Cross-Cultural application of a specific instrument to measure entrepreneurial intentions},
  author={Li{\~n}{\'a}n, Francisco and Chen, Yi-Wen},
  journal={Entrepreneurship theory and practice},
  volume={33},
  number={3},
  pages={593--617},
  year={2009},
  publisher={Wiley Online Library}
}
@article{hayton2002national,
  title={National culture and entrepreneurship: A review of behavioral research},
  author={Hayton, James C and George, Gerard and Zahra, Shaker A},
  journal={Entrepreneurship theory and practice},
  volume={26},
  number={4},
  pages={33},
  year={2002},
  publisher={Wiley}
}
@article{mueller2001culture,
  title={Culture and entrepreneurial potential: A nine country study of locus of control and innovativeness},
  author={Mueller, Stephen L and Thomas, Anisya S},
  journal={Journal of business venturing},
  volume={16},
  number={1},
  pages={51--75},
  year={2001},
  publisher={Elsevier}
}
@article{fitzsimmons2011interaction,
  title={Interaction between feasibility and desirability in the formation of entrepreneurial intentions},
  author={Fitzsimmons, Jason R and Douglas, Evan J},
  journal={Journal of Business Venturing},
  volume={26},
  number={4},
  pages={431--440},
  year={2011},
  publisher={Elsevier}
}
@article{martin2013examining,
  title={Examining the formation of human capital in entrepreneurship: A meta-analysis of entrepreneurship education outcomes},
  author={Martin, Bruce C and McNally, Jeffrey J and Kay, Michael J},
  journal={Journal of Business Venturing},
  volume={28},
  number={2},
  pages={211--224},
  year={2013},
  publisher={Elsevier}
}
@article{schon2013playing,
  title={Playing the name game to identify university patents in germany},
  author={Sch{\"o}n, Anja and Heinisch, Dominik and Buenstorf, Guido},
  year={2013}
}
@article{krueger2000competing,
  title={Competing models of entrepreneurial intentions},
  author={Krueger, Norris F and Reilly, Michael D and Carsrud, Alan L},
  journal={Journal of business venturing},
  volume={15},
  number={5},
  pages={411--432},
  year={2000},
  publisher={Elsevier}
}
@article{bandura1986explanatory,
  title={The explanatory and predictive scope of self-efficacy theory},
  author={Bandura, Albert},
  journal={Journal of social and clinical psychology},
  volume={4},
  number={3},
  pages={359--373},
  year={1986},
  publisher={Guilford Press}
}
@article{peterman2003enterprise,
  title={Enterprise education: Influencing students' perceptions of entrepreneurship},
  author={Peterman, Nicole E and Kennedy, Jessica},
  journal={Entrepreneurship theory and practice},
  volume={28},
  number={2},
  pages={129--144},
  year={2003},
  publisher={Wiley Online Library}
}
@article{zhao2005mediating,
  title={The mediating role of self-efficacy in the development of entrepreneurial intentions.},
  author={Zhao, Hao and Seibert, Scott E and Hills, Gerald E},
  journal={Journal of applied psychology},
  volume={90},
  number={6},
  pages={1265},
  year={2005},
  publisher={American Psychological Association}
}
@article{von2010effects,
  title={The effects of entrepreneurship education},
  author={Von Graevenitz, Georg and Harhoff, Dietmar and Weber, Richard},
  journal={Journal of Economic Behavior \& Organization},
  volume={76},
  number={1},
  pages={90--112},
  year={2010},
  publisher={Elsevier}
}
@inproceedings{brannback2006replicate,
  title={Why replicate entrepreneurial intentionality studies? Prospects, perils and academic reality},
  author={Br{\"a}nnback, M and Carsrud, A and Elfving, J and Kickul, J and Krueger, N},
  booktitle={SMU edge conference, Singapore},
  year={2006}
}
@article{lorz2013entrepreneurship,
  title={Entrepreneurship education: a systematic review of the methods in impact studies},
  author={Lorz, Michael and Mueller, Susan and Volery, Thierry},
  journal={Journal of Enterprising Culture},
  volume={21},
  number={02},
  pages={123--151},
  year={2013},
  publisher={World Scientific}
}
@article{kuratko2005emergence,
  title={The emergence of entrepreneurship education: Development, trends, and challenges},
  author={Kuratko, Donald F},
  journal={Entrepreneurship theory and practice},
  volume={29},
  number={5},
  pages={577--598},
  year={2005},
  publisher={Wiley Online Library}
}
@article{henry2005entrepreneurship,
  title={Entrepreneurship education and training: can entrepreneurship be taught? Part I},
  author={Henry, Colette and Hill, Frances and Leitch, Claire},
  journal={Education+ Training},
  volume={47},
  number={2},
  pages={98--111},
  year={2005},
  publisher={Emerald Group Publishing Limited}
}
@article{maresch2016impact,
  title={The impact of entrepreneurship education on the entrepreneurial intention of students in science and engineering versus business studies university programs},
  author={Maresch, Daniela and Harms, Rainer and Kailer, Norbert and Wimmer-Wurm, Birgit},
  journal={Technological forecasting and social change},
  volume={104},
  pages={172--179},
  year={2016},
  publisher={Elsevier}
}
@article{gorman1997some,
  title={Some research perspectives on entrepreneurship education, enterprise education and education for small business management: a ten-year literature review},
  author={Gorman, Gary and Hanlon, Dennis and King, Wayne},
  journal={International small business journal},
  volume={15},
  number={3},
  pages={56--77},
  year={1997},
  publisher={Sage Publications Sage CA: Thousand Oaks, CA}
}
@article{pittaway2007entrepreneurship,
  title={Entrepreneurship education: a systematic review of the evidence},
  author={Pittaway, Luke and Cope, Jason},
  journal={International small business journal},
  volume={25},
  number={5},
  pages={479--510},
  year={2007},
  publisher={Sage Publications Sage UK: London, England}
}
@article{garavan1994entrepreneurship,
  title={Entrepreneurship education and training programmes: a review and evaluation--part 1},
  author={Garavan, Thomas N and O' Cinneide, Barra},
  journal={Journal of European industrial training},
  volume={18},
  number={8},
  pages={3--12},
  year={1994},
  publisher={MCB UP Ltd}
}
@article{fayolle2014future,
  title={The future of research on entrepreneurial intentions},
  author={Fayolle, Alain and Li{\~n}{\'a}n, Francisco},
  journal={Journal of Business Research},
  volume={67},
  number={5},
  pages={663--666},
  year={2014},
  publisher={Elsevier}
}
@article{solesvik2013entrepreneurial,
  title={Entrepreneurial motivations and intentions: investigating the role of education major},
  author={Solesvik, Marina Z},
  journal={Education+ Training},
  volume={55},
  number={3},
  pages={253--271},
  year={2013},
  publisher={Emerald Group Publishing Limited}
}
@online{Matthes2017seba,
  author = {Prof. Dr. Florian Matthes},
  title = {SEBA Master - Web Application Engineering},
  year = 2017,
  url = {https://wwwmatthes.in.tum.de/pages/1mqqqoqe7gapz/SEBA-Master-Web-Application-Engineering},
  urldate = {2017-12-11}
}
@article{cortina1993coefficient,
  title={What is coefficient alpha? An examination of theory and applications.},
  author={Cortina, Jose M},
  journal={Journal of applied psychology},
  volume={78},
  number={1},
  pages={98},
  year={1993},
  publisher={American Psychological Association}
}
@article{hair2010black,
  title={Black, WC, Babin, BJ, \& Anderson, RE (2010)},
  author={Hair, JF},
  journal={Multivariate data analysis},
  volume={7},
  year={2010}
}
@article{warner1965randomized,
  title={Randomized response: A survey technique for eliminating evasive answer bias},
  author={Warner, Stanley L},
  journal={Journal of the American Statistical Association},
  volume={60},
  number={309},
  pages={63--69},
  year={1965},
  publisher={Taylor \& Francis Group}
}
@article{oosterbeek2010impact,
  title={The impact of entrepreneurship education on entrepreneurship skills and motivation},
  author={Oosterbeek, Hessel and Van Praag, Mirjam and Ijsselstein, Auke},
  journal={European economic review},
  volume={54},
  number={3},
  pages={442--454},
  year={2010},
  publisher={Elsevier}
}
@article{fayolle2006assessing,
  title={Assessing the impact of entrepreneurship education programmes: a new methodology},
  author={Fayolle, Alain and Gailly, Beno{\^\i}t and Lassas-Clerc, Narjisse},
  journal={Journal of European industrial training},
  volume={30},
  number={9},
  pages={701--720},
  year={2006},
  publisher={Emerald Group Publishing Limited}
}
@article{ronstadt1990the,
  title={The educated entrepreneurs: A new era of entrepreneurial education is beginning},
  author={Ronstadt, R},
  journal={Entrepreneurship Education},
  volume={},
  number={},
  pages={69--88},
  year={1990},
  publisher={C.A. Kent (Ed.)}
}
@article{jamieson1984education,
  title={Education for enterprise},
  author={Jamieson, I},
  journal={CRAC},
  pages={19--27},
  year={1984},
  publisher={Ballinger Cambridge, MA}
}
@article{randolph1979designing,
  title={Designing meaningful learning situations in management: A contingency, decision-tree approach},
  author={Randolph, W Alan and Posner, Barry Z},
  journal={Academy of Management Review},
  volume={4},
  number={3},
  pages={459--467},
  year={1979},
  publisher={Academy of Management}
}
@article{sobel1982asymptotic,
  title={Asymptotic confidence intervals for indirect effects in structural equation models},
  author={Sobel, Michael E},
  journal={Sociological methodology},
  volume={13},
  pages={290--312},
  year={1982},
  publisher={JSTOR}
}
@article{ajzen1988attitudes,
  title={Attitudes, personality, and behavior. 1988},
  author={Ajzen, Icek},
  journal={Milton Keynes: Open University Press Google Scholar},
  year={1988}
}